@online{WikipediaEN:Morse,
	author = {{Wikipedia, the free encyclopedia}},
	title = {Morse code}. ({English})
	year = 2023
	addendu = {[Online; accessed February 24, 2023]}
	url = {https://en.wikipedia.org/wiki/Morse_code}
}
@online{AMC,
	author = {"Stephen C. Phillips}
	title = {American Morse Code Translator}
	year = {2015}
	addendum = {[Online; accessed February 20, 2023]}
	url = {https://morsecode.world/american/translator.html#:~:text=Morse%20to%20Text,%22..%20.%22).}

}
@online{owlcation
	author = {"Novel Treasure"}
	title = {Is Morse Code Used Today? The Brief History and Importance of Morse Code}
	year = {2022}
	addendum = {[Online, accesssed February 24, 2023}
	url = {https://owlcation.com/humanities/morse_code}
}
